@MISC{ KOMA,
	key = {KOMA},
	title = {{\KOMAScript{} documentation project}},
	note = {\href{http://koma-script.net.tf}{http://koma-script.net.tf}}
}

@book{ KOMAbook,
	key = {KOMAbook},
	author ={Kohm, Markus; Morawski, Jens-Uwe},
	title = {\KOMAScript{} KOMA-Script ein Sammlung von Klassen und Paketen für {\LaTeX2e}},
	edition= {2},
	publisher = {Lehmans Fachbuchhandlung},
	isbn = {3-86541-089-8},
	month = {Januar},
	year = {2006}
}

@book{ din5008,
	key = {din5008},
	author ={},
	title = {Schreib- und Gestaltungsregeln für die Textverarbeitung},
	publisher = {Beuth-Verlag},
	month = {05},
	year = {2005}
}

@book{ din1505,
	key = {din1505},
	author ={},
	title = {Titelangaben von Dokumenten; Zitierregeln},
	publisher = {Beuth-Verlag},
	month = {01},
	year = {1984}
}
@book{ Einstein,
	key = {Einstein},
	author ={Einstein, Albert},
	title = {Komische Gleichungen},
	publisher = {Relativverlag},
	year = {1921}
}

